<record><leader>00000cas a22000007a 4500</leader><controlfield tag="001">9411030</controlfield><controlfield tag="008">830414d18731903mauwr ne      0    0eng d</controlfield><datafield ind1=" " ind2=" " tag="010"><subfield code="a">sn 83020550 </subfield></datafield><datafield ind1=" " ind2=" " tag="040"><subfield code="a">NPX</subfield><subfield code="b">eng</subfield><subfield code="c">NPX</subfield><subfield code="d">MGN</subfield><subfield code="d">OCLCQ</subfield></datafield><datafield ind1=" " ind2=" " tag="042"><subfield code="a">msc</subfield></datafield><datafield ind1=" " ind2=" " tag="043"><subfield code="a">n-us-ma</subfield></datafield><datafield ind1="0" ind2=" " tag="130"><subfield code="a">Leominster enterprise (Leominster, Mass. : Weekly)</subfield></datafield><datafield ind1="1" ind2="4" tag="245"><subfield code="a">The Leominster enterprise.</subfield></datafield><datafield ind1="3" ind2="0" tag="246"><subfield code="a">Wednesday enterprise</subfield></datafield><datafield ind1=" " ind2=" " tag="260"><subfield code="a">Leominster, Mass. :</subfield><subfield code="b">F.N. Boutwell</subfield></datafield><datafield ind1=" " ind2=" " tag="300"><subfield code="a">v.</subfield></datafield><datafield ind1=" " ind2=" " tag="310"><subfield code="a">Weekly,</subfield><subfield code="b">May 12, 1894-&lt;Dec. 31, 1903&gt;</subfield></datafield><datafield ind1=" " ind2=" " tag="321"><subfield code="a">Weekly,</subfield><subfield code="b">1873-May 13, 1893</subfield></datafield><datafield ind1=" " ind2=" " tag="321"><subfield code="a">Semiweekly,</subfield><subfield code="b">&lt;May 24, 1893-May 9, 1894&gt;</subfield></datafield><datafield ind1="0" ind2=" " tag="362"><subfield code="a">Vol. 1, no. 1 (June 4, 1873)-</subfield></datafield><datafield ind1="1" ind2=" " tag="362"><subfield code="a">Ceased in 1903?</subfield></datafield><datafield ind1=" " ind2=" " tag="500"><subfield code="a">On Wednesdays published as: The Wednesday enterprise, June 7, 1893-&lt;Dec. 31, 1903&gt;.</subfield></datafield><datafield ind1=" " ind2=" " tag="580"><subfield code="a">Daily ed.: Leominster daily enterprise, 1896-1903.</subfield></datafield><datafield ind1=" " ind2=" " tag="752"><subfield code="a">United States</subfield><subfield code="b">Massachusetts</subfield><subfield code="c">Worcester</subfield><subfield code="d">Leominster.</subfield></datafield><datafield ind1="1" ind2=" " tag="775"><subfield code="t">Leominster daily enterprise</subfield><subfield code="w">(DLC)sn8906024189</subfield></datafield></record>